%YAML 1.1
%TAG !u! tag:unity3d.com,2011:
--- !u!1 &3220492820699907257
GameObject:
  m_ObjectHideFlags: 0
  m_CorrespondingSourceObject: {fileID: 0}
  m_PrefabInstance: {fileID: 0}
  m_PrefabAsset: {fileID: 0}
  serializedVersion: 6
  m_Component:
  - component: {fileID: 3220492820699907256}
  m_Layer: 0
  m_Name: SpawnPrefab1
  m_TagString: Untagged
  m_Icon: {fileID: 0}
  m_NavMeshLayer: 0
  m_StaticEditorFlags: 0
  m_IsActive: 1
--- !u!4 &3220492820699907256
Transform:
  m_ObjectHideFlags: 0
  m_CorrespondingSourceObject: {fileID: 0}
  m_PrefabInstance: {fileID: 0}
  m_PrefabAsset: {fileID: 0}
  m_GameObject: {fileID: 3220492820699907257}
  m_LocalRotation: {x: -0, y: -0, z: -0, w: 1}
  m_LocalPosition: {x: 0, y: 3.8291, z: 19.911}
  m_LocalScale: {x: 1, y: 1, z: 1}
  m_Children:
  - {fileID: 1388210451785962894}
  - {fileID: 1579619015853654295}
  - {fileID: 1579619017187931394}
  - {fileID: 5381276344120340613}
  - {fileID: 5381276343247435386}
  - {fileID: 5381276343242831553}
  - {fileID: 5381276342992693834}
  - {fileID: 5381276342850324610}
  - {fileID: 5381276342955184308}
  - {fileID: 5381276343435957369}
  - {fileID: 5381276342743109816}
  - {fileID: 5381276343983337807}
  m_Father: {fileID: 0}
  m_RootOrder: 0
  m_LocalEulerAnglesHint: {x: 0, y: 0, z: 0}
--- !u!1001 &3033587788071320038
PrefabInstance:
  m_ObjectHideFlags: 0
  serializedVersion: 2
  m_Modification:
    m_TransformParent: {fileID: 3220492820699907256}
    m_Modifications:
    - target: {fileID: 4132776172244954216, guid: e1787a72650cf584ab35dc80c4a152d8,
        type: 3}
      propertyPath: m_LocalPosition.x
      value: 0
      objectReference: {fileID: 0}
    - target: {fileID: 4132776172244954216, guid: e1787a72650cf584ab35dc80c4a152d8,
        type: 3}
      propertyPath: m_LocalPosition.y
      value: 0
      objectReference: {fileID: 0}
    - target: {fileID: 4132776172244954216, guid: e1787a72650cf584ab35dc80c4a152d8,
        type: 3}
      propertyPath: m_LocalPosition.z
      value: -4.249999
      objectReference: {fileID: 0}
    - target: {fileID: 4132776172244954216, guid: e1787a72650cf584ab35dc80c4a152d8,
        type: 3}
      propertyPath: m_LocalRotation.x
      value: -0
      objectReference: {fileID: 0}
    - target: {fileID: 4132776172244954216, guid: e1787a72650cf584ab35dc80c4a152d8,
        type: 3}
      propertyPath: m_LocalRotation.y
      value: 1
      objectReference: {fileID: 0}
    - target: {fileID: 4132776172244954216, guid: e1787a72650cf584ab35dc80c4a152d8,
        type: 3}
      propertyPath: m_LocalRotation.z
      value: -0
      objectReference: {fileID: 0}
    - target: {fileID: 4132776172244954216, guid: e1787a72650cf584ab35dc80c4a152d8,
        type: 3}
      propertyPath: m_LocalRotation.w
      value: 0
      objectReference: {fileID: 0}
    - target: {fileID: 4132776172244954216, guid: e1787a72650cf584ab35dc80c4a152d8,
        type: 3}
      propertyPath: m_RootOrder
      value: 0
      objectReference: {fileID: 0}
    - target: {fileID: 4132776172244954216, guid: e1787a72650cf584ab35dc80c4a152d8,
        type: 3}
      propertyPath: m_LocalEulerAnglesHint.x
      value: 0
      objectReference: {fileID: 0}
    - target: {fileID: 4132776172244954216, guid: e1787a72650cf584ab35dc80c4a152d8,
        type: 3}
      propertyPath: m_LocalEulerAnglesHint.y
      value: 180
      objectReference: {fileID: 0}
    - target: {fileID: 4132776172244954216, guid: e1787a72650cf584ab35dc80c4a152d8,
        type: 3}
      propertyPath: m_LocalEulerAnglesHint.z
      value: 0
      objectReference: {fileID: 0}
    - target: {fileID: 4132776172244963400, guid: e1787a72650cf584ab35dc80c4a152d8,
        type: 3}
      propertyPath: m_Name
      value: Obstacle
      objectReference: {fileID: 0}
    m_RemovedComponents: []
  m_SourcePrefab: {fileID: 100100000, guid: e1787a72650cf584ab35dc80c4a152d8, type: 3}
--- !u!4 &1388210451785962894 stripped
Transform:
  m_CorrespondingSourceObject: {fileID: 4132776172244954216, guid: e1787a72650cf584ab35dc80c4a152d8,
    type: 3}
  m_PrefabInstance: {fileID: 3033587788071320038}
  m_PrefabAsset: {fileID: 0}
--- !u!1001 &3220492819716904714
PrefabInstance:
  m_ObjectHideFlags: 0
  serializedVersion: 2
  m_Modification:
    m_TransformParent: {fileID: 3220492820699907256}
    m_Modifications:
    - target: {fileID: 7358705296987579973, guid: d5129817e8fafb144ab6198272ca435c,
        type: 3}
      propertyPath: m_LocalPosition.x
      value: -1.15
      objectReference: {fileID: 0}
    - target: {fileID: 7358705296987579973, guid: d5129817e8fafb144ab6198272ca435c,
        type: 3}
      propertyPath: m_LocalPosition.y
      value: 0.62
      objectReference: {fileID: 0}
    - target: {fileID: 7358705296987579973, guid: d5129817e8fafb144ab6198272ca435c,
        type: 3}
      propertyPath: m_LocalPosition.z
      value: 3.75
      objectReference: {fileID: 0}
    - target: {fileID: 7358705296987579973, guid: d5129817e8fafb144ab6198272ca435c,
        type: 3}
      propertyPath: m_LocalRotation.x
      value: 0
      objectReference: {fileID: 0}
    - target: {fileID: 7358705296987579973, guid: d5129817e8fafb144ab6198272ca435c,
        type: 3}
      propertyPath: m_LocalRotation.y
      value: 0
      objectReference: {fileID: 0}
    - target: {fileID: 7358705296987579973, guid: d5129817e8fafb144ab6198272ca435c,
        type: 3}
      propertyPath: m_LocalRotation.z
      value: 0
      objectReference: {fileID: 0}
    - target: {fileID: 7358705296987579973, guid: d5129817e8fafb144ab6198272ca435c,
        type: 3}
      propertyPath: m_LocalRotation.w
      value: 1
      objectReference: {fileID: 0}
    - target: {fileID: 7358705296987579973, guid: d5129817e8fafb144ab6198272ca435c,
        type: 3}
      propertyPath: m_RootOrder
      value: 11
      objectReference: {fileID: 0}
    - target: {fileID: 7358705296987579973, guid: d5129817e8fafb144ab6198272ca435c,
        type: 3}
      propertyPath: m_LocalEulerAnglesHint.x
      value: 0
      objectReference: {fileID: 0}
    - target: {fileID: 7358705296987579973, guid: d5129817e8fafb144ab6198272ca435c,
        type: 3}
      propertyPath: m_LocalEulerAnglesHint.y
      value: 0
      objectReference: {fileID: 0}
    - target: {fileID: 7358705296987579973, guid: d5129817e8fafb144ab6198272ca435c,
        type: 3}
      propertyPath: m_LocalEulerAnglesHint.z
      value: 0
      objectReference: {fileID: 0}
    - target: {fileID: 7358705296987748965, guid: d5129817e8fafb144ab6198272ca435c,
        type: 3}
      propertyPath: m_Name
      value: CoinPrefab (8)
      objectReference: {fileID: 0}
    m_RemovedComponents: []
  m_SourcePrefab: {fileID: 100100000, guid: d5129817e8fafb144ab6198272ca435c, type: 3}
--- !u!4 &5381276343983337807 stripped
Transform:
  m_CorrespondingSourceObject: {fileID: 7358705296987579973, guid: d5129817e8fafb144ab6198272ca435c,
    type: 3}
  m_PrefabInstance: {fileID: 3220492819716904714}
  m_PrefabAsset: {fileID: 0}
--- !u!1001 &3220492819839555264
PrefabInstance:
  m_ObjectHideFlags: 0
  serializedVersion: 2
  m_Modification:
    m_TransformParent: {fileID: 3220492820699907256}
    m_Modifications:
    - target: {fileID: 7358705296987579973, guid: d5129817e8fafb144ab6198272ca435c,
        type: 3}
      propertyPath: m_LocalPosition.x
      value: -1.15
      objectReference: {fileID: 0}
    - target: {fileID: 7358705296987579973, guid: d5129817e8fafb144ab6198272ca435c,
        type: 3}
      propertyPath: m_LocalPosition.y
      value: 0.62
      objectReference: {fileID: 0}
    - target: {fileID: 7358705296987579973, guid: d5129817e8fafb144ab6198272ca435c,
        type: 3}
      propertyPath: m_LocalPosition.z
      value: -4.25
      objectReference: {fileID: 0}
    - target: {fileID: 7358705296987579973, guid: d5129817e8fafb144ab6198272ca435c,
        type: 3}
      propertyPath: m_LocalRotation.x
      value: 0
      objectReference: {fileID: 0}
    - target: {fileID: 7358705296987579973, guid: d5129817e8fafb144ab6198272ca435c,
        type: 3}
      propertyPath: m_LocalRotation.y
      value: 0
      objectReference: {fileID: 0}
    - target: {fileID: 7358705296987579973, guid: d5129817e8fafb144ab6198272ca435c,
        type: 3}
      propertyPath: m_LocalRotation.z
      value: 0
      objectReference: {fileID: 0}
    - target: {fileID: 7358705296987579973, guid: d5129817e8fafb144ab6198272ca435c,
        type: 3}
      propertyPath: m_LocalRotation.w
      value: 1
      objectReference: {fileID: 0}
    - target: {fileID: 7358705296987579973, guid: d5129817e8fafb144ab6198272ca435c,
        type: 3}
      propertyPath: m_RootOrder
      value: 3
      objectReference: {fileID: 0}
    - target: {fileID: 7358705296987579973, guid: d5129817e8fafb144ab6198272ca435c,
        type: 3}
      propertyPath: m_LocalEulerAnglesHint.x
      value: 0
      objectReference: {fileID: 0}
    - target: {fileID: 7358705296987579973, guid: d5129817e8fafb144ab6198272ca435c,
        type: 3}
      propertyPath: m_LocalEulerAnglesHint.y
      value: 0
      objectReference: {fileID: 0}
    - target: {fileID: 7358705296987579973, guid: d5129817e8fafb144ab6198272ca435c,
        type: 3}
      propertyPath: m_LocalEulerAnglesHint.z
      value: 0
      objectReference: {fileID: 0}
    - target: {fileID: 7358705296987748965, guid: d5129817e8fafb144ab6198272ca435c,
        type: 3}
      propertyPath: m_Name
      value: CoinPrefab
      objectReference: {fileID: 0}
    m_RemovedComponents: []
  m_SourcePrefab: {fileID: 100100000, guid: d5129817e8fafb144ab6198272ca435c, type: 3}
--- !u!4 &5381276344120340613 stripped
Transform:
  m_CorrespondingSourceObject: {fileID: 7358705296987579973, guid: d5129817e8fafb144ab6198272ca435c,
    type: 3}
  m_PrefabInstance: {fileID: 3220492819839555264}
  m_PrefabAsset: {fileID: 0}
--- !u!1001 &3220492820325063018
PrefabInstance:
  m_ObjectHideFlags: 0
  serializedVersion: 2
  m_Modification:
    m_TransformParent: {fileID: 3220492820699907256}
    m_Modifications:
    - target: {fileID: 4132776172244954216, guid: e1787a72650cf584ab35dc80c4a152d8,
        type: 3}
      propertyPath: m_LocalPosition.x
      value: 1.15
      objectReference: {fileID: 0}
    - target: {fileID: 4132776172244954216, guid: e1787a72650cf584ab35dc80c4a152d8,
        type: 3}
      propertyPath: m_LocalPosition.y
      value: 0
      objectReference: {fileID: 0}
    - target: {fileID: 4132776172244954216, guid: e1787a72650cf584ab35dc80c4a152d8,
        type: 3}
      propertyPath: m_LocalPosition.z
      value: 3.2490005
      objectReference: {fileID: 0}
    - target: {fileID: 4132776172244954216, guid: e1787a72650cf584ab35dc80c4a152d8,
        type: 3}
      propertyPath: m_LocalRotation.x
      value: -0
      objectReference: {fileID: 0}
    - target: {fileID: 4132776172244954216, guid: e1787a72650cf584ab35dc80c4a152d8,
        type: 3}
      propertyPath: m_LocalRotation.y
      value: 1
      objectReference: {fileID: 0}
    - target: {fileID: 4132776172244954216, guid: e1787a72650cf584ab35dc80c4a152d8,
        type: 3}
      propertyPath: m_LocalRotation.z
      value: -0
      objectReference: {fileID: 0}
    - target: {fileID: 4132776172244954216, guid: e1787a72650cf584ab35dc80c4a152d8,
        type: 3}
      propertyPath: m_LocalRotation.w
      value: 0
      objectReference: {fileID: 0}
    - target: {fileID: 4132776172244954216, guid: e1787a72650cf584ab35dc80c4a152d8,
        type: 3}
      propertyPath: m_RootOrder
      value: 2
      objectReference: {fileID: 0}
    - target: {fileID: 4132776172244954216, guid: e1787a72650cf584ab35dc80c4a152d8,
        type: 3}
      propertyPath: m_LocalEulerAnglesHint.x
      value: 0
      objectReference: {fileID: 0}
    - target: {fileID: 4132776172244954216, guid: e1787a72650cf584ab35dc80c4a152d8,
        type: 3}
      propertyPath: m_LocalEulerAnglesHint.y
      value: 180
      objectReference: {fileID: 0}
    - target: {fileID: 4132776172244954216, guid: e1787a72650cf584ab35dc80c4a152d8,
        type: 3}
      propertyPath: m_LocalEulerAnglesHint.z
      value: 0
      objectReference: {fileID: 0}
    - target: {fileID: 4132776172244963400, guid: e1787a72650cf584ab35dc80c4a152d8,
        type: 3}
      propertyPath: m_Name
      value: Obstacle (2)
      objectReference: {fileID: 0}
    m_RemovedComponents: []
  m_SourcePrefab: {fileID: 100100000, guid: e1787a72650cf584ab35dc80c4a152d8, type: 3}
--- !u!4 &1579619017187931394 stripped
Transform:
  m_CorrespondingSourceObject: {fileID: 4132776172244954216, guid: e1787a72650cf584ab35dc80c4a152d8,
    type: 3}
  m_PrefabInstance: {fileID: 3220492820325063018}
  m_PrefabAsset: {fileID: 0}
--- !u!1001 &3220492820621063933
PrefabInstance:
  m_ObjectHideFlags: 0
  serializedVersion: 2
  m_Modification:
    m_TransformParent: {fileID: 3220492820699907256}
    m_Modifications:
    - target: {fileID: 7358705296987579973, guid: d5129817e8fafb144ab6198272ca435c,
        type: 3}
      propertyPath: m_LocalPosition.x
      value: -1.15
      objectReference: {fileID: 0}
    - target: {fileID: 7358705296987579973, guid: d5129817e8fafb144ab6198272ca435c,
        type: 3}
      propertyPath: m_LocalPosition.y
      value: 0.62
      objectReference: {fileID: 0}
    - target: {fileID: 7358705296987579973, guid: d5129817e8fafb144ab6198272ca435c,
        type: 3}
      propertyPath: m_LocalPosition.z
      value: 2.75
      objectReference: {fileID: 0}
    - target: {fileID: 7358705296987579973, guid: d5129817e8fafb144ab6198272ca435c,
        type: 3}
      propertyPath: m_LocalRotation.x
      value: 0
      objectReference: {fileID: 0}
    - target: {fileID: 7358705296987579973, guid: d5129817e8fafb144ab6198272ca435c,
        type: 3}
      propertyPath: m_LocalRotation.y
      value: 0
      objectReference: {fileID: 0}
    - target: {fileID: 7358705296987579973, guid: d5129817e8fafb144ab6198272ca435c,
        type: 3}
      propertyPath: m_LocalRotation.z
      value: 0
      objectReference: {fileID: 0}
    - target: {fileID: 7358705296987579973, guid: d5129817e8fafb144ab6198272ca435c,
        type: 3}
      propertyPath: m_LocalRotation.w
      value: 1
      objectReference: {fileID: 0}
    - target: {fileID: 7358705296987579973, guid: d5129817e8fafb144ab6198272ca435c,
        type: 3}
      propertyPath: m_RootOrder
      value: 10
      objectReference: {fileID: 0}
    - target: {fileID: 7358705296987579973, guid: d5129817e8fafb144ab6198272ca435c,
        type: 3}
      propertyPath: m_LocalEulerAnglesHint.x
      value: 0
      objectReference: {fileID: 0}
    - target: {fileID: 7358705296987579973, guid: d5129817e8fafb144ab6198272ca435c,
        type: 3}
      propertyPath: m_LocalEulerAnglesHint.y
      value: 0
      objectReference: {fileID: 0}
    - target: {fileID: 7358705296987579973, guid: d5129817e8fafb144ab6198272ca435c,
        type: 3}
      propertyPath: m_LocalEulerAnglesHint.z
      value: 0
      objectReference: {fileID: 0}
    - target: {fileID: 7358705296987748965, guid: d5129817e8fafb144ab6198272ca435c,
        type: 3}
      propertyPath: m_Name
      value: CoinPrefab (7)
      objectReference: {fileID: 0}
    m_RemovedComponents: []
  m_SourcePrefab: {fileID: 100100000, guid: d5129817e8fafb144ab6198272ca435c, type: 3}
--- !u!4 &5381276342743109816 stripped
Transform:
  m_CorrespondingSourceObject: {fileID: 7358705296987579973, guid: d5129817e8fafb144ab6198272ca435c,
    type: 3}
  m_PrefabInstance: {fileID: 3220492820621063933}
  m_PrefabAsset: {fileID: 0}
--- !u!1001 &3220492820715695815
PrefabInstance:
  m_ObjectHideFlags: 0
  serializedVersion: 2
  m_Modification:
    m_TransformParent: {fileID: 3220492820699907256}
    m_Modifications:
    - target: {fileID: 7358705296987579973, guid: d5129817e8fafb144ab6198272ca435c,
        type: 3}
      propertyPath: m_LocalPosition.x
      value: 0
      objectReference: {fileID: 0}
    - target: {fileID: 7358705296987579973, guid: d5129817e8fafb144ab6198272ca435c,
        type: 3}
      propertyPath: m_LocalPosition.y
      value: 0.62
      objectReference: {fileID: 0}
    - target: {fileID: 7358705296987579973, guid: d5129817e8fafb144ab6198272ca435c,
        type: 3}
      propertyPath: m_LocalPosition.z
      value: -0.25
      objectReference: {fileID: 0}
    - target: {fileID: 7358705296987579973, guid: d5129817e8fafb144ab6198272ca435c,
        type: 3}
      propertyPath: m_LocalRotation.x
      value: 0
      objectReference: {fileID: 0}
    - target: {fileID: 7358705296987579973, guid: d5129817e8fafb144ab6198272ca435c,
        type: 3}
      propertyPath: m_LocalRotation.y
      value: 0
      objectReference: {fileID: 0}
    - target: {fileID: 7358705296987579973, guid: d5129817e8fafb144ab6198272ca435c,
        type: 3}
      propertyPath: m_LocalRotation.z
      value: 0
      objectReference: {fileID: 0}
    - target: {fileID: 7358705296987579973, guid: d5129817e8fafb144ab6198272ca435c,
        type: 3}
      propertyPath: m_LocalRotation.w
      value: 1
      objectReference: {fileID: 0}
    - target: {fileID: 7358705296987579973, guid: d5129817e8fafb144ab6198272ca435c,
        type: 3}
      propertyPath: m_RootOrder
      value: 7
      objectReference: {fileID: 0}
    - target: {fileID: 7358705296987579973, guid: d5129817e8fafb144ab6198272ca435c,
        type: 3}
      propertyPath: m_LocalEulerAnglesHint.x
      value: 0
      objectReference: {fileID: 0}
    - target: {fileID: 7358705296987579973, guid: d5129817e8fafb144ab6198272ca435c,
        type: 3}
      propertyPath: m_LocalEulerAnglesHint.y
      value: 0
      objectReference: {fileID: 0}
    - target: {fileID: 7358705296987579973, guid: d5129817e8fafb144ab6198272ca435c,
        type: 3}
      propertyPath: m_LocalEulerAnglesHint.z
      value: 0
      objectReference: {fileID: 0}
    - target: {fileID: 7358705296987748965, guid: d5129817e8fafb144ab6198272ca435c,
        type: 3}
      propertyPath: m_Name
      value: CoinPrefab (4)
      objectReference: {fileID: 0}
    m_RemovedComponents: []
  m_SourcePrefab: {fileID: 100100000, guid: d5129817e8fafb144ab6198272ca435c, type: 3}
--- !u!4 &5381276342850324610 stripped
Transform:
  m_CorrespondingSourceObject: {fileID: 7358705296987579973, guid: d5129817e8fafb144ab6198272ca435c,
    type: 3}
  m_PrefabInstance: {fileID: 3220492820715695815}
  m_PrefabAsset: {fileID: 0}
--- !u!1001 &3220492820870887153
PrefabInstance:
  m_ObjectHideFlags: 0
  serializedVersion: 2
  m_Modification:
    m_TransformParent: {fileID: 3220492820699907256}
    m_Modifications:
    - target: {fileID: 7358705296987579973, guid: d5129817e8fafb144ab6198272ca435c,
        type: 3}
      propertyPath: m_LocalPosition.x
      value: 0
      objectReference: {fileID: 0}
    - target: {fileID: 7358705296987579973, guid: d5129817e8fafb144ab6198272ca435c,
        type: 3}
      propertyPath: m_LocalPosition.y
      value: 0.62
      objectReference: {fileID: 0}
    - target: {fileID: 7358705296987579973, guid: d5129817e8fafb144ab6198272ca435c,
        type: 3}
      propertyPath: m_LocalPosition.z
      value: 0.75
      objectReference: {fileID: 0}
    - target: {fileID: 7358705296987579973, guid: d5129817e8fafb144ab6198272ca435c,
        type: 3}
      propertyPath: m_LocalRotation.x
      value: 0
      objectReference: {fileID: 0}
    - target: {fileID: 7358705296987579973, guid: d5129817e8fafb144ab6198272ca435c,
        type: 3}
      propertyPath: m_LocalRotation.y
      value: 0
      objectReference: {fileID: 0}
    - target: {fileID: 7358705296987579973, guid: d5129817e8fafb144ab6198272ca435c,
        type: 3}
      propertyPath: m_LocalRotation.z
      value: 0
      objectReference: {fileID: 0}
    - target: {fileID: 7358705296987579973, guid: d5129817e8fafb144ab6198272ca435c,
        type: 3}
      propertyPath: m_LocalRotation.w
      value: 1
      objectReference: {fileID: 0}
    - target: {fileID: 7358705296987579973, guid: d5129817e8fafb144ab6198272ca435c,
        type: 3}
      propertyPath: m_RootOrder
      value: 8
      objectReference: {fileID: 0}
    - target: {fileID: 7358705296987579973, guid: d5129817e8fafb144ab6198272ca435c,
        type: 3}
      propertyPath: m_LocalEulerAnglesHint.x
      value: 0
      objectReference: {fileID: 0}
    - target: {fileID: 7358705296987579973, guid: d5129817e8fafb144ab6198272ca435c,
        type: 3}
      propertyPath: m_LocalEulerAnglesHint.y
      value: 0
      objectReference: {fileID: 0}
    - target: {fileID: 7358705296987579973, guid: d5129817e8fafb144ab6198272ca435c,
        type: 3}
      propertyPath: m_LocalEulerAnglesHint.z
      value: 0
      objectReference: {fileID: 0}
    - target: {fileID: 7358705296987748965, guid: d5129817e8fafb144ab6198272ca435c,
        type: 3}
      propertyPath: m_Name
      value: CoinPrefab (5)
      objectReference: {fileID: 0}
    m_RemovedComponents: []
  m_SourcePrefab: {fileID: 100100000, guid: d5129817e8fafb144ab6198272ca435c, type: 3}
--- !u!4 &5381276342955184308 stripped
Transform:
  m_CorrespondingSourceObject: {fileID: 7358705296987579973, guid: d5129817e8fafb144ab6198272ca435c,
    type: 3}
  m_PrefabInstance: {fileID: 3220492820870887153}
  m_PrefabAsset: {fileID: 0}
--- !u!1001 &3220492820908346383
PrefabInstance:
  m_ObjectHideFlags: 0
  serializedVersion: 2
  m_Modification:
    m_TransformParent: {fileID: 3220492820699907256}
    m_Modifications:
    - target: {fileID: 7358705296987579973, guid: d5129817e8fafb144ab6198272ca435c,
        type: 3}
      propertyPath: m_LocalPosition.x
      value: 0
      objectReference: {fileID: 0}
    - target: {fileID: 7358705296987579973, guid: d5129817e8fafb144ab6198272ca435c,
        type: 3}
      propertyPath: m_LocalPosition.y
      value: 0.62
      objectReference: {fileID: 0}
    - target: {fileID: 7358705296987579973, guid: d5129817e8fafb144ab6198272ca435c,
        type: 3}
      propertyPath: m_LocalPosition.z
      value: -1.25
      objectReference: {fileID: 0}
    - target: {fileID: 7358705296987579973, guid: d5129817e8fafb144ab6198272ca435c,
        type: 3}
      propertyPath: m_LocalRotation.x
      value: 0
      objectReference: {fileID: 0}
    - target: {fileID: 7358705296987579973, guid: d5129817e8fafb144ab6198272ca435c,
        type: 3}
      propertyPath: m_LocalRotation.y
      value: 0
      objectReference: {fileID: 0}
    - target: {fileID: 7358705296987579973, guid: d5129817e8fafb144ab6198272ca435c,
        type: 3}
      propertyPath: m_LocalRotation.z
      value: 0
      objectReference: {fileID: 0}
    - target: {fileID: 7358705296987579973, guid: d5129817e8fafb144ab6198272ca435c,
        type: 3}
      propertyPath: m_LocalRotation.w
      value: 1
      objectReference: {fileID: 0}
    - target: {fileID: 7358705296987579973, guid: d5129817e8fafb144ab6198272ca435c,
        type: 3}
      propertyPath: m_RootOrder
      value: 6
      objectReference: {fileID: 0}
    - target: {fileID: 7358705296987579973, guid: d5129817e8fafb144ab6198272ca435c,
        type: 3}
      propertyPath: m_LocalEulerAnglesHint.x
      value: 0
      objectReference: {fileID: 0}
    - target: {fileID: 7358705296987579973, guid: d5129817e8fafb144ab6198272ca435c,
        type: 3}
      propertyPath: m_LocalEulerAnglesHint.y
      value: 0
      objectReference: {fileID: 0}
    - target: {fileID: 7358705296987579973, guid: d5129817e8fafb144ab6198272ca435c,
        type: 3}
      propertyPath: m_LocalEulerAnglesHint.z
      value: 0
      objectReference: {fileID: 0}
    - target: {fileID: 7358705296987748965, guid: d5129817e8fafb144ab6198272ca435c,
        type: 3}
      propertyPath: m_Name
      value: CoinPrefab (3)
      objectReference: {fileID: 0}
    m_RemovedComponents: []
  m_SourcePrefab: {fileID: 100100000, guid: d5129817e8fafb144ab6198272ca435c, type: 3}
--- !u!4 &5381276342992693834 stripped
Transform:
  m_CorrespondingSourceObject: {fileID: 7358705296987579973, guid: d5129817e8fafb144ab6198272ca435c,
    type: 3}
  m_PrefabInstance: {fileID: 3220492820908346383}
  m_PrefabAsset: {fileID: 0}
--- !u!1001 &3220492821119717508
PrefabInstance:
  m_ObjectHideFlags: 0
  serializedVersion: 2
  m_Modification:
    m_TransformParent: {fileID: 3220492820699907256}
    m_Modifications:
    - target: {fileID: 7358705296987579973, guid: d5129817e8fafb144ab6198272ca435c,
        type: 3}
      propertyPath: m_LocalPosition.x
      value: -1.15
      objectReference: {fileID: 0}
    - target: {fileID: 7358705296987579973, guid: d5129817e8fafb144ab6198272ca435c,
        type: 3}
      propertyPath: m_LocalPosition.y
      value: 0.62
      objectReference: {fileID: 0}
    - target: {fileID: 7358705296987579973, guid: d5129817e8fafb144ab6198272ca435c,
        type: 3}
      propertyPath: m_LocalPosition.z
      value: -2.25
      objectReference: {fileID: 0}
    - target: {fileID: 7358705296987579973, guid: d5129817e8fafb144ab6198272ca435c,
        type: 3}
      propertyPath: m_LocalRotation.x
      value: 0
      objectReference: {fileID: 0}
    - target: {fileID: 7358705296987579973, guid: d5129817e8fafb144ab6198272ca435c,
        type: 3}
      propertyPath: m_LocalRotation.y
      value: 0
      objectReference: {fileID: 0}
    - target: {fileID: 7358705296987579973, guid: d5129817e8fafb144ab6198272ca435c,
        type: 3}
      propertyPath: m_LocalRotation.z
      value: 0
      objectReference: {fileID: 0}
    - target: {fileID: 7358705296987579973, guid: d5129817e8fafb144ab6198272ca435c,
        type: 3}
      propertyPath: m_LocalRotation.w
      value: 1
      objectReference: {fileID: 0}
    - target: {fileID: 7358705296987579973, guid: d5129817e8fafb144ab6198272ca435c,
        type: 3}
      propertyPath: m_RootOrder
      value: 5
      objectReference: {fileID: 0}
    - target: {fileID: 7358705296987579973, guid: d5129817e8fafb144ab6198272ca435c,
        type: 3}
      propertyPath: m_LocalEulerAnglesHint.x
      value: 0
      objectReference: {fileID: 0}
    - target: {fileID: 7358705296987579973, guid: d5129817e8fafb144ab6198272ca435c,
        type: 3}
      propertyPath: m_LocalEulerAnglesHint.y
      value: 0
      objectReference: {fileID: 0}
    - target: {fileID: 7358705296987579973, guid: d5129817e8fafb144ab6198272ca435c,
        type: 3}
      propertyPath: m_LocalEulerAnglesHint.z
      value: 0
      objectReference: {fileID: 0}
    - target: {fileID: 7358705296987748965, guid: d5129817e8fafb144ab6198272ca435c,
        type: 3}
      propertyPath: m_Name
      value: CoinPrefab (2)
      objectReference: {fileID: 0}
    m_RemovedComponents: []
  m_SourcePrefab: {fileID: 100100000, guid: d5129817e8fafb144ab6198272ca435c, type: 3}
--- !u!4 &5381276343242831553 stripped
Transform:
  m_CorrespondingSourceObject: {fileID: 7358705296987579973, guid: d5129817e8fafb144ab6198272ca435c,
    type: 3}
  m_PrefabInstance: {fileID: 3220492821119717508}
  m_PrefabAsset: {fileID: 0}
--- !u!1001 &3220492821123502143
PrefabInstance:
  m_ObjectHideFlags: 0
  serializedVersion: 2
  m_Modification:
    m_TransformParent: {fileID: 3220492820699907256}
    m_Modifications:
    - target: {fileID: 7358705296987579973, guid: d5129817e8fafb144ab6198272ca435c,
        type: 3}
      propertyPath: m_LocalPosition.x
      value: -1.15
      objectReference: {fileID: 0}
    - target: {fileID: 7358705296987579973, guid: d5129817e8fafb144ab6198272ca435c,
        type: 3}
      propertyPath: m_LocalPosition.y
      value: 0.62
      objectReference: {fileID: 0}
    - target: {fileID: 7358705296987579973, guid: d5129817e8fafb144ab6198272ca435c,
        type: 3}
      propertyPath: m_LocalPosition.z
      value: -3.25
      objectReference: {fileID: 0}
    - target: {fileID: 7358705296987579973, guid: d5129817e8fafb144ab6198272ca435c,
        type: 3}
      propertyPath: m_LocalRotation.x
      value: 0
      objectReference: {fileID: 0}
    - target: {fileID: 7358705296987579973, guid: d5129817e8fafb144ab6198272ca435c,
        type: 3}
      propertyPath: m_LocalRotation.y
      value: 0
      objectReference: {fileID: 0}
    - target: {fileID: 7358705296987579973, guid: d5129817e8fafb144ab6198272ca435c,
        type: 3}
      propertyPath: m_LocalRotation.z
      value: 0
      objectReference: {fileID: 0}
    - target: {fileID: 7358705296987579973, guid: d5129817e8fafb144ab6198272ca435c,
        type: 3}
      propertyPath: m_LocalRotation.w
      value: 1
      objectReference: {fileID: 0}
    - target: {fileID: 7358705296987579973, guid: d5129817e8fafb144ab6198272ca435c,
        type: 3}
      propertyPath: m_RootOrder
      value: 4
      objectReference: {fileID: 0}
    - target: {fileID: 7358705296987579973, guid: d5129817e8fafb144ab6198272ca435c,
        type: 3}
      propertyPath: m_LocalEulerAnglesHint.x
      value: 0
      objectReference: {fileID: 0}
    - target: {fileID: 7358705296987579973, guid: d5129817e8fafb144ab6198272ca435c,
        type: 3}
      propertyPath: m_LocalEulerAnglesHint.y
      value: 0
      objectReference: {fileID: 0}
    - target: {fileID: 7358705296987579973, guid: d5129817e8fafb144ab6198272ca435c,
        type: 3}
      propertyPath: m_LocalEulerAnglesHint.z
      value: 0
      objectReference: {fileID: 0}
    - target: {fileID: 7358705296987748965, guid: d5129817e8fafb144ab6198272ca435c,
        type: 3}
      propertyPath: m_Name
      value: CoinPrefab (1)
      objectReference: {fileID: 0}
    m_RemovedComponents: []
  m_SourcePrefab: {fileID: 100100000, guid: d5129817e8fafb144ab6198272ca435c, type: 3}
--- !u!4 &5381276343247435386 stripped
Transform:
  m_CorrespondingSourceObject: {fileID: 7358705296987579973, guid: d5129817e8fafb144ab6198272ca435c,
    type: 3}
  m_PrefabInstance: {fileID: 3220492821123502143}
  m_PrefabAsset: {fileID: 0}
--- !u!1001 &3220492821223124351
PrefabInstance:
  m_ObjectHideFlags: 0
  serializedVersion: 2
  m_Modification:
    m_TransformParent: {fileID: 3220492820699907256}
    m_Modifications:
    - target: {fileID: 4132776172244954216, guid: e1787a72650cf584ab35dc80c4a152d8,
        type: 3}
      propertyPath: m_LocalPosition.x
      value: -1.15
      objectReference: {fileID: 0}
    - target: {fileID: 4132776172244954216, guid: e1787a72650cf584ab35dc80c4a152d8,
        type: 3}
      propertyPath: m_LocalPosition.y
      value: 0
      objectReference: {fileID: 0}
    - target: {fileID: 4132776172244954216, guid: e1787a72650cf584ab35dc80c4a152d8,
        type: 3}
      propertyPath: m_LocalPosition.z
      value: 0
      objectReference: {fileID: 0}
    - target: {fileID: 4132776172244954216, guid: e1787a72650cf584ab35dc80c4a152d8,
        type: 3}
      propertyPath: m_LocalRotation.x
      value: -0
      objectReference: {fileID: 0}
    - target: {fileID: 4132776172244954216, guid: e1787a72650cf584ab35dc80c4a152d8,
        type: 3}
      propertyPath: m_LocalRotation.y
      value: 1
      objectReference: {fileID: 0}
    - target: {fileID: 4132776172244954216, guid: e1787a72650cf584ab35dc80c4a152d8,
        type: 3}
      propertyPath: m_LocalRotation.z
      value: -0
      objectReference: {fileID: 0}
    - target: {fileID: 4132776172244954216, guid: e1787a72650cf584ab35dc80c4a152d8,
        type: 3}
      propertyPath: m_LocalRotation.w
      value: 0
      objectReference: {fileID: 0}
    - target: {fileID: 4132776172244954216, guid: e1787a72650cf584ab35dc80c4a152d8,
        type: 3}
      propertyPath: m_RootOrder
      value: 1
      objectReference: {fileID: 0}
    - target: {fileID: 4132776172244954216, guid: e1787a72650cf584ab35dc80c4a152d8,
        type: 3}
      propertyPath: m_LocalEulerAnglesHint.x
      value: 0
      objectReference: {fileID: 0}
    - target: {fileID: 4132776172244954216, guid: e1787a72650cf584ab35dc80c4a152d8,
        type: 3}
      propertyPath: m_LocalEulerAnglesHint.y
      value: 180
      objectReference: {fileID: 0}
    - target: {fileID: 4132776172244954216, guid: e1787a72650cf584ab35dc80c4a152d8,
        type: 3}
      propertyPath: m_LocalEulerAnglesHint.z
      value: 0
      objectReference: {fileID: 0}
    - target: {fileID: 4132776172244963400, guid: e1787a72650cf584ab35dc80c4a152d8,
        type: 3}
      propertyPath: m_Name
      value: Obstacle (1)
      objectReference: {fileID: 0}
    m_RemovedComponents: []
  m_SourcePrefab: {fileID: 100100000, guid: e1787a72650cf584ab35dc80c4a152d8, type: 3}
--- !u!4 &1579619015853654295 stripped
Transform:
  m_CorrespondingSourceObject: {fileID: 4132776172244954216, guid: e1787a72650cf584ab35dc80c4a152d8,
    type: 3}
  m_PrefabInstance: {fileID: 3220492821223124351}
  m_PrefabAsset: {fileID: 0}
--- !u!1001 &3220492821329637948
PrefabInstance:
  m_ObjectHideFlags: 0
  serializedVersion: 2
  m_Modification:
    m_TransformParent: {fileID: 3220492820699907256}
    m_Modifications:
    - target: {fileID: 7358705296987579973, guid: d5129817e8fafb144ab6198272ca435c,
        type: 3}
      propertyPath: m_LocalPosition.x
      value: -1.15
      objectReference: {fileID: 0}
    - target: {fileID: 7358705296987579973, guid: d5129817e8fafb144ab6198272ca435c,
        type: 3}
      propertyPath: m_LocalPosition.y
      value: 0.62
      objectReference: {fileID: 0}
    - target: {fileID: 7358705296987579973, guid: d5129817e8fafb144ab6198272ca435c,
        type: 3}
      propertyPath: m_LocalPosition.z
      value: 1.75
      objectReference: {fileID: 0}
    - target: {fileID: 7358705296987579973, guid: d5129817e8fafb144ab6198272ca435c,
        type: 3}
      propertyPath: m_LocalRotation.x
      value: 0
      objectReference: {fileID: 0}
    - target: {fileID: 7358705296987579973, guid: d5129817e8fafb144ab6198272ca435c,
        type: 3}
      propertyPath: m_LocalRotation.y
      value: 0
      objectReference: {fileID: 0}
    - target: {fileID: 7358705296987579973, guid: d5129817e8fafb144ab6198272ca435c,
        type: 3}
      propertyPath: m_LocalRotation.z
      value: 0
      objectReference: {fileID: 0}
    - target: {fileID: 7358705296987579973, guid: d5129817e8fafb144ab6198272ca435c,
        type: 3}
      propertyPath: m_LocalRotation.w
      value: 1
      objectReference: {fileID: 0}
    - target: {fileID: 7358705296987579973, guid: d5129817e8fafb144ab6198272ca435c,
        type: 3}
      propertyPath: m_RootOrder
      value: 9
      objectReference: {fileID: 0}
    - target: {fileID: 7358705296987579973, guid: d5129817e8fafb144ab6198272ca435c,
        type: 3}
      propertyPath: m_LocalEulerAnglesHint.x
      value: 0
      objectReference: {fileID: 0}
    - target: {fileID: 7358705296987579973, guid: d5129817e8fafb144ab6198272ca435c,
        type: 3}
      propertyPath: m_LocalEulerAnglesHint.y
      value: 0
      objectReference: {fileID: 0}
    - target: {fileID: 7358705296987579973, guid: d5129817e8fafb144ab6198272ca435c,
        type: 3}
      propertyPath: m_LocalEulerAnglesHint.z
      value: 0
      objectReference: {fileID: 0}
    - target: {fileID: 7358705296987748965, guid: d5129817e8fafb144ab6198272ca435c,
        type: 3}
      propertyPath: m_Name
      value: CoinPrefab (6)
      objectReference: {fileID: 0}
    m_RemovedComponents: []
  m_SourcePrefab: {fileID: 100100000, guid: d5129817e8fafb144ab6198272ca435c, type: 3}
--- !u!4 &5381276343435957369 stripped
Transform:
  m_CorrespondingSourceObject: {fileID: 7358705296987579973, guid: d5129817e8fafb144ab6198272ca435c,
    type: 3}
  m_PrefabInstance: {fileID: 3220492821329637948}
  m_PrefabAsset: {fileID: 0}
