%YAML 1.1
%TAG !u! tag:unity3d.com,2011:
--- !u!1 &7362390734896124947
GameObject:
  m_ObjectHideFlags: 0
  m_CorrespondingSourceObject: {fileID: 0}
  m_PrefabInstance: {fileID: 0}
  m_PrefabAsset: {fileID: 0}
  serializedVersion: 6
  m_Component:
  - component: {fileID: 7362390734896124946}
  m_Layer: 0
  m_Name: SpawnPrefab4
  m_TagString: Untagged
  m_Icon: {fileID: 0}
  m_NavMeshLayer: 0
  m_StaticEditorFlags: 0
  m_IsActive: 1
--- !u!4 &7362390734896124946
Transform:
  m_ObjectHideFlags: 0
  m_CorrespondingSourceObject: {fileID: 0}
  m_PrefabInstance: {fileID: 0}
  m_PrefabAsset: {fileID: 0}
  m_GameObject: {fileID: 7362390734896124947}
  m_LocalRotation: {x: -0, y: -0, z: -0, w: 1}
  m_LocalPosition: {x: 0, y: 3.8291, z: 20.94}
  m_LocalScale: {x: 1, y: 1, z: 1}
  m_Children:
  - {fileID: 6475860124311225636}
  - {fileID: 6878937637327409597}
  - {fileID: 6878937636496467368}
  - {fileID: 14399372068298799}
  - {fileID: 14399373356443344}
  - {fileID: 14399373352658539}
  - {fileID: 14399373640547040}
  - {fileID: 14399373480908840}
  - {fileID: 14399373602537502}
  - {fileID: 14399372991743187}
  - {fileID: 14399373927858194}
  - {fileID: 14399372482126309}
  - {fileID: 3566204777791772897}
  - {fileID: 3566204777041835694}
  m_Father: {fileID: 0}
  m_RootOrder: 0
  m_LocalEulerAnglesHint: {x: 0, y: 0, z: 0}
--- !u!1001 &587480408184042633
PrefabInstance:
  m_ObjectHideFlags: 0
  serializedVersion: 2
  m_Modification:
    m_TransformParent: {fileID: 7362390734896124946}
    m_Modifications:
    - target: {fileID: 4132776172244954216, guid: e1787a72650cf584ab35dc80c4a152d8,
        type: 3}
      propertyPath: m_LocalPosition.x
      value: 0
      objectReference: {fileID: 0}
    - target: {fileID: 4132776172244954216, guid: e1787a72650cf584ab35dc80c4a152d8,
        type: 3}
      propertyPath: m_LocalPosition.y
      value: 0
      objectReference: {fileID: 0}
    - target: {fileID: 4132776172244954216, guid: e1787a72650cf584ab35dc80c4a152d8,
        type: 3}
      propertyPath: m_LocalPosition.z
      value: -1
      objectReference: {fileID: 0}
    - target: {fileID: 4132776172244954216, guid: e1787a72650cf584ab35dc80c4a152d8,
        type: 3}
      propertyPath: m_LocalRotation.x
      value: -0
      objectReference: {fileID: 0}
    - target: {fileID: 4132776172244954216, guid: e1787a72650cf584ab35dc80c4a152d8,
        type: 3}
      propertyPath: m_LocalRotation.y
      value: 1
      objectReference: {fileID: 0}
    - target: {fileID: 4132776172244954216, guid: e1787a72650cf584ab35dc80c4a152d8,
        type: 3}
      propertyPath: m_LocalRotation.z
      value: -0
      objectReference: {fileID: 0}
    - target: {fileID: 4132776172244954216, guid: e1787a72650cf584ab35dc80c4a152d8,
        type: 3}
      propertyPath: m_LocalRotation.w
      value: 0
      objectReference: {fileID: 0}
    - target: {fileID: 4132776172244954216, guid: e1787a72650cf584ab35dc80c4a152d8,
        type: 3}
      propertyPath: m_RootOrder
      value: 12
      objectReference: {fileID: 0}
    - target: {fileID: 4132776172244954216, guid: e1787a72650cf584ab35dc80c4a152d8,
        type: 3}
      propertyPath: m_LocalEulerAnglesHint.x
      value: 0
      objectReference: {fileID: 0}
    - target: {fileID: 4132776172244954216, guid: e1787a72650cf584ab35dc80c4a152d8,
        type: 3}
      propertyPath: m_LocalEulerAnglesHint.y
      value: 180
      objectReference: {fileID: 0}
    - target: {fileID: 4132776172244954216, guid: e1787a72650cf584ab35dc80c4a152d8,
        type: 3}
      propertyPath: m_LocalEulerAnglesHint.z
      value: 0
      objectReference: {fileID: 0}
    - target: {fileID: 4132776172244963400, guid: e1787a72650cf584ab35dc80c4a152d8,
        type: 3}
      propertyPath: m_Name
      value: Obstacle (3)
      objectReference: {fileID: 0}
    m_RemovedComponents: []
  m_SourcePrefab: {fileID: 100100000, guid: e1787a72650cf584ab35dc80c4a152d8, type: 3}
--- !u!4 &3566204777791772897 stripped
Transform:
  m_CorrespondingSourceObject: {fileID: 4132776172244954216, guid: e1787a72650cf584ab35dc80c4a152d8,
    type: 3}
  m_PrefabInstance: {fileID: 587480408184042633}
  m_PrefabAsset: {fileID: 0}
--- !u!1001 &587480409508076230
PrefabInstance:
  m_ObjectHideFlags: 0
  serializedVersion: 2
  m_Modification:
    m_TransformParent: {fileID: 7362390734896124946}
    m_Modifications:
    - target: {fileID: 4132776172244954216, guid: e1787a72650cf584ab35dc80c4a152d8,
        type: 3}
      propertyPath: m_LocalPosition.x
      value: 0
      objectReference: {fileID: 0}
    - target: {fileID: 4132776172244954216, guid: e1787a72650cf584ab35dc80c4a152d8,
        type: 3}
      propertyPath: m_LocalPosition.y
      value: 0
      objectReference: {fileID: 0}
    - target: {fileID: 4132776172244954216, guid: e1787a72650cf584ab35dc80c4a152d8,
        type: 3}
      propertyPath: m_LocalPosition.z
      value: 2
      objectReference: {fileID: 0}
    - target: {fileID: 4132776172244954216, guid: e1787a72650cf584ab35dc80c4a152d8,
        type: 3}
      propertyPath: m_LocalRotation.x
      value: -0
      objectReference: {fileID: 0}
    - target: {fileID: 4132776172244954216, guid: e1787a72650cf584ab35dc80c4a152d8,
        type: 3}
      propertyPath: m_LocalRotation.y
      value: 1
      objectReference: {fileID: 0}
    - target: {fileID: 4132776172244954216, guid: e1787a72650cf584ab35dc80c4a152d8,
        type: 3}
      propertyPath: m_LocalRotation.z
      value: -0
      objectReference: {fileID: 0}
    - target: {fileID: 4132776172244954216, guid: e1787a72650cf584ab35dc80c4a152d8,
        type: 3}
      propertyPath: m_LocalRotation.w
      value: 0
      objectReference: {fileID: 0}
    - target: {fileID: 4132776172244954216, guid: e1787a72650cf584ab35dc80c4a152d8,
        type: 3}
      propertyPath: m_RootOrder
      value: 13
      objectReference: {fileID: 0}
    - target: {fileID: 4132776172244954216, guid: e1787a72650cf584ab35dc80c4a152d8,
        type: 3}
      propertyPath: m_LocalEulerAnglesHint.x
      value: 0
      objectReference: {fileID: 0}
    - target: {fileID: 4132776172244954216, guid: e1787a72650cf584ab35dc80c4a152d8,
        type: 3}
      propertyPath: m_LocalEulerAnglesHint.y
      value: 180
      objectReference: {fileID: 0}
    - target: {fileID: 4132776172244954216, guid: e1787a72650cf584ab35dc80c4a152d8,
        type: 3}
      propertyPath: m_LocalEulerAnglesHint.z
      value: 0
      objectReference: {fileID: 0}
    - target: {fileID: 4132776172244963400, guid: e1787a72650cf584ab35dc80c4a152d8,
        type: 3}
      propertyPath: m_Name
      value: Obstacle (4)
      objectReference: {fileID: 0}
    m_RemovedComponents: []
  m_SourcePrefab: {fileID: 100100000, guid: e1787a72650cf584ab35dc80c4a152d8, type: 3}
--- !u!4 &3566204777041835694 stripped
Transform:
  m_CorrespondingSourceObject: {fileID: 4132776172244954216, guid: e1787a72650cf584ab35dc80c4a152d8,
    type: 3}
  m_PrefabInstance: {fileID: 587480409508076230}
  m_PrefabAsset: {fileID: 0}
--- !u!1001 &6954809552989317452
PrefabInstance:
  m_ObjectHideFlags: 0
  serializedVersion: 2
  m_Modification:
    m_TransformParent: {fileID: 7362390734896124946}
    m_Modifications:
    - target: {fileID: 4132776172244954216, guid: e1787a72650cf584ab35dc80c4a152d8,
        type: 3}
      propertyPath: m_LocalPosition.x
      value: 1.15
      objectReference: {fileID: 0}
    - target: {fileID: 4132776172244954216, guid: e1787a72650cf584ab35dc80c4a152d8,
        type: 3}
      propertyPath: m_LocalPosition.y
      value: 0
      objectReference: {fileID: 0}
    - target: {fileID: 4132776172244954216, guid: e1787a72650cf584ab35dc80c4a152d8,
        type: 3}
      propertyPath: m_LocalPosition.z
      value: -4.249999
      objectReference: {fileID: 0}
    - target: {fileID: 4132776172244954216, guid: e1787a72650cf584ab35dc80c4a152d8,
        type: 3}
      propertyPath: m_LocalRotation.x
      value: -0
      objectReference: {fileID: 0}
    - target: {fileID: 4132776172244954216, guid: e1787a72650cf584ab35dc80c4a152d8,
        type: 3}
      propertyPath: m_LocalRotation.y
      value: 1
      objectReference: {fileID: 0}
    - target: {fileID: 4132776172244954216, guid: e1787a72650cf584ab35dc80c4a152d8,
        type: 3}
      propertyPath: m_LocalRotation.z
      value: -0
      objectReference: {fileID: 0}
    - target: {fileID: 4132776172244954216, guid: e1787a72650cf584ab35dc80c4a152d8,
        type: 3}
      propertyPath: m_LocalRotation.w
      value: 0
      objectReference: {fileID: 0}
    - target: {fileID: 4132776172244954216, guid: e1787a72650cf584ab35dc80c4a152d8,
        type: 3}
      propertyPath: m_RootOrder
      value: 0
      objectReference: {fileID: 0}
    - target: {fileID: 4132776172244954216, guid: e1787a72650cf584ab35dc80c4a152d8,
        type: 3}
      propertyPath: m_LocalEulerAnglesHint.x
      value: 0
      objectReference: {fileID: 0}
    - target: {fileID: 4132776172244954216, guid: e1787a72650cf584ab35dc80c4a152d8,
        type: 3}
      propertyPath: m_LocalEulerAnglesHint.y
      value: 180
      objectReference: {fileID: 0}
    - target: {fileID: 4132776172244954216, guid: e1787a72650cf584ab35dc80c4a152d8,
        type: 3}
      propertyPath: m_LocalEulerAnglesHint.z
      value: 0
      objectReference: {fileID: 0}
    - target: {fileID: 4132776172244963400, guid: e1787a72650cf584ab35dc80c4a152d8,
        type: 3}
      propertyPath: m_Name
      value: Obstacle
      objectReference: {fileID: 0}
    m_RemovedComponents: []
  m_SourcePrefab: {fileID: 100100000, guid: e1787a72650cf584ab35dc80c4a152d8, type: 3}
--- !u!4 &6475860124311225636 stripped
Transform:
  m_CorrespondingSourceObject: {fileID: 4132776172244954216, guid: e1787a72650cf584ab35dc80c4a152d8,
    type: 3}
  m_PrefabInstance: {fileID: 6954809552989317452}
  m_PrefabAsset: {fileID: 0}
--- !u!1001 &7362390734343568853
PrefabInstance:
  m_ObjectHideFlags: 0
  serializedVersion: 2
  m_Modification:
    m_TransformParent: {fileID: 7362390734896124946}
    m_Modifications:
    - target: {fileID: 4132776172244954216, guid: e1787a72650cf584ab35dc80c4a152d8,
        type: 3}
      propertyPath: m_LocalPosition.x
      value: -1.15
      objectReference: {fileID: 0}
    - target: {fileID: 4132776172244954216, guid: e1787a72650cf584ab35dc80c4a152d8,
        type: 3}
      propertyPath: m_LocalPosition.y
      value: 0
      objectReference: {fileID: 0}
    - target: {fileID: 4132776172244954216, guid: e1787a72650cf584ab35dc80c4a152d8,
        type: 3}
      propertyPath: m_LocalPosition.z
      value: -4.25
      objectReference: {fileID: 0}
    - target: {fileID: 4132776172244954216, guid: e1787a72650cf584ab35dc80c4a152d8,
        type: 3}
      propertyPath: m_LocalRotation.x
      value: -0
      objectReference: {fileID: 0}
    - target: {fileID: 4132776172244954216, guid: e1787a72650cf584ab35dc80c4a152d8,
        type: 3}
      propertyPath: m_LocalRotation.y
      value: 1
      objectReference: {fileID: 0}
    - target: {fileID: 4132776172244954216, guid: e1787a72650cf584ab35dc80c4a152d8,
        type: 3}
      propertyPath: m_LocalRotation.z
      value: -0
      objectReference: {fileID: 0}
    - target: {fileID: 4132776172244954216, guid: e1787a72650cf584ab35dc80c4a152d8,
        type: 3}
      propertyPath: m_LocalRotation.w
      value: 0
      objectReference: {fileID: 0}
    - target: {fileID: 4132776172244954216, guid: e1787a72650cf584ab35dc80c4a152d8,
        type: 3}
      propertyPath: m_RootOrder
      value: 1
      objectReference: {fileID: 0}
    - target: {fileID: 4132776172244954216, guid: e1787a72650cf584ab35dc80c4a152d8,
        type: 3}
      propertyPath: m_LocalEulerAnglesHint.x
      value: 0
      objectReference: {fileID: 0}
    - target: {fileID: 4132776172244954216, guid: e1787a72650cf584ab35dc80c4a152d8,
        type: 3}
      propertyPath: m_LocalEulerAnglesHint.y
      value: 180
      objectReference: {fileID: 0}
    - target: {fileID: 4132776172244954216, guid: e1787a72650cf584ab35dc80c4a152d8,
        type: 3}
      propertyPath: m_LocalEulerAnglesHint.z
      value: 0
      objectReference: {fileID: 0}
    - target: {fileID: 4132776172244963400, guid: e1787a72650cf584ab35dc80c4a152d8,
        type: 3}
      propertyPath: m_Name
      value: Obstacle (1)
      objectReference: {fileID: 0}
    m_RemovedComponents: []
  m_SourcePrefab: {fileID: 100100000, guid: e1787a72650cf584ab35dc80c4a152d8, type: 3}
--- !u!4 &6878937637327409597 stripped
Transform:
  m_CorrespondingSourceObject: {fileID: 4132776172244954216, guid: e1787a72650cf584ab35dc80c4a152d8,
    type: 3}
  m_PrefabInstance: {fileID: 7362390734343568853}
  m_PrefabAsset: {fileID: 0}
--- !u!1001 &7362390734467736214
PrefabInstance:
  m_ObjectHideFlags: 0
  serializedVersion: 2
  m_Modification:
    m_TransformParent: {fileID: 7362390734896124946}
    m_Modifications:
    - target: {fileID: 7358705296987579973, guid: d5129817e8fafb144ab6198272ca435c,
        type: 3}
      propertyPath: m_LocalPosition.x
      value: -1.15
      objectReference: {fileID: 0}
    - target: {fileID: 7358705296987579973, guid: d5129817e8fafb144ab6198272ca435c,
        type: 3}
      propertyPath: m_LocalPosition.y
      value: 0.62
      objectReference: {fileID: 0}
    - target: {fileID: 7358705296987579973, guid: d5129817e8fafb144ab6198272ca435c,
        type: 3}
      propertyPath: m_LocalPosition.z
      value: 1.75
      objectReference: {fileID: 0}
    - target: {fileID: 7358705296987579973, guid: d5129817e8fafb144ab6198272ca435c,
        type: 3}
      propertyPath: m_LocalRotation.x
      value: 0
      objectReference: {fileID: 0}
    - target: {fileID: 7358705296987579973, guid: d5129817e8fafb144ab6198272ca435c,
        type: 3}
      propertyPath: m_LocalRotation.y
      value: 0
      objectReference: {fileID: 0}
    - target: {fileID: 7358705296987579973, guid: d5129817e8fafb144ab6198272ca435c,
        type: 3}
      propertyPath: m_LocalRotation.z
      value: 0
      objectReference: {fileID: 0}
    - target: {fileID: 7358705296987579973, guid: d5129817e8fafb144ab6198272ca435c,
        type: 3}
      propertyPath: m_LocalRotation.w
      value: 1
      objectReference: {fileID: 0}
    - target: {fileID: 7358705296987579973, guid: d5129817e8fafb144ab6198272ca435c,
        type: 3}
      propertyPath: m_RootOrder
      value: 9
      objectReference: {fileID: 0}
    - target: {fileID: 7358705296987579973, guid: d5129817e8fafb144ab6198272ca435c,
        type: 3}
      propertyPath: m_LocalEulerAnglesHint.x
      value: 0
      objectReference: {fileID: 0}
    - target: {fileID: 7358705296987579973, guid: d5129817e8fafb144ab6198272ca435c,
        type: 3}
      propertyPath: m_LocalEulerAnglesHint.y
      value: 0
      objectReference: {fileID: 0}
    - target: {fileID: 7358705296987579973, guid: d5129817e8fafb144ab6198272ca435c,
        type: 3}
      propertyPath: m_LocalEulerAnglesHint.z
      value: 0
      objectReference: {fileID: 0}
    - target: {fileID: 7358705296987748965, guid: d5129817e8fafb144ab6198272ca435c,
        type: 3}
      propertyPath: m_Name
      value: CoinPrefab (6)
      objectReference: {fileID: 0}
    m_RemovedComponents: []
  m_SourcePrefab: {fileID: 100100000, guid: d5129817e8fafb144ab6198272ca435c, type: 3}
--- !u!4 &14399372991743187 stripped
Transform:
  m_CorrespondingSourceObject: {fileID: 7358705296987579973, guid: d5129817e8fafb144ab6198272ca435c,
    type: 3}
  m_PrefabInstance: {fileID: 7362390734467736214}
  m_PrefabAsset: {fileID: 0}
--- !u!1001 &7362390734778302510
PrefabInstance:
  m_ObjectHideFlags: 0
  serializedVersion: 2
  m_Modification:
    m_TransformParent: {fileID: 7362390734896124946}
    m_Modifications:
    - target: {fileID: 7358705296987579973, guid: d5129817e8fafb144ab6198272ca435c,
        type: 3}
      propertyPath: m_LocalPosition.x
      value: 0
      objectReference: {fileID: 0}
    - target: {fileID: 7358705296987579973, guid: d5129817e8fafb144ab6198272ca435c,
        type: 3}
      propertyPath: m_LocalPosition.y
      value: 0.62
      objectReference: {fileID: 0}
    - target: {fileID: 7358705296987579973, guid: d5129817e8fafb144ab6198272ca435c,
        type: 3}
      propertyPath: m_LocalPosition.z
      value: -2.25
      objectReference: {fileID: 0}
    - target: {fileID: 7358705296987579973, guid: d5129817e8fafb144ab6198272ca435c,
        type: 3}
      propertyPath: m_LocalRotation.x
      value: 0
      objectReference: {fileID: 0}
    - target: {fileID: 7358705296987579973, guid: d5129817e8fafb144ab6198272ca435c,
        type: 3}
      propertyPath: m_LocalRotation.y
      value: 0
      objectReference: {fileID: 0}
    - target: {fileID: 7358705296987579973, guid: d5129817e8fafb144ab6198272ca435c,
        type: 3}
      propertyPath: m_LocalRotation.z
      value: 0
      objectReference: {fileID: 0}
    - target: {fileID: 7358705296987579973, guid: d5129817e8fafb144ab6198272ca435c,
        type: 3}
      propertyPath: m_LocalRotation.w
      value: 1
      objectReference: {fileID: 0}
    - target: {fileID: 7358705296987579973, guid: d5129817e8fafb144ab6198272ca435c,
        type: 3}
      propertyPath: m_RootOrder
      value: 5
      objectReference: {fileID: 0}
    - target: {fileID: 7358705296987579973, guid: d5129817e8fafb144ab6198272ca435c,
        type: 3}
      propertyPath: m_LocalEulerAnglesHint.x
      value: 0
      objectReference: {fileID: 0}
    - target: {fileID: 7358705296987579973, guid: d5129817e8fafb144ab6198272ca435c,
        type: 3}
      propertyPath: m_LocalEulerAnglesHint.y
      value: 0
      objectReference: {fileID: 0}
    - target: {fileID: 7358705296987579973, guid: d5129817e8fafb144ab6198272ca435c,
        type: 3}
      propertyPath: m_LocalEulerAnglesHint.z
      value: 0
      objectReference: {fileID: 0}
    - target: {fileID: 7358705296987748965, guid: d5129817e8fafb144ab6198272ca435c,
        type: 3}
      propertyPath: m_Name
      value: CoinPrefab (2)
      objectReference: {fileID: 0}
    m_RemovedComponents: []
  m_SourcePrefab: {fileID: 100100000, guid: d5129817e8fafb144ab6198272ca435c, type: 3}
--- !u!4 &14399373352658539 stripped
Transform:
  m_CorrespondingSourceObject: {fileID: 7358705296987579973, guid: d5129817e8fafb144ab6198272ca435c,
    type: 3}
  m_PrefabInstance: {fileID: 7362390734778302510}
  m_PrefabAsset: {fileID: 0}
--- !u!1001 &7362390734782906517
PrefabInstance:
  m_ObjectHideFlags: 0
  serializedVersion: 2
  m_Modification:
    m_TransformParent: {fileID: 7362390734896124946}
    m_Modifications:
    - target: {fileID: 7358705296987579973, guid: d5129817e8fafb144ab6198272ca435c,
        type: 3}
      propertyPath: m_LocalPosition.x
      value: 0
      objectReference: {fileID: 0}
    - target: {fileID: 7358705296987579973, guid: d5129817e8fafb144ab6198272ca435c,
        type: 3}
      propertyPath: m_LocalPosition.y
      value: 0.62
      objectReference: {fileID: 0}
    - target: {fileID: 7358705296987579973, guid: d5129817e8fafb144ab6198272ca435c,
        type: 3}
      propertyPath: m_LocalPosition.z
      value: -3.25
      objectReference: {fileID: 0}
    - target: {fileID: 7358705296987579973, guid: d5129817e8fafb144ab6198272ca435c,
        type: 3}
      propertyPath: m_LocalRotation.x
      value: 0
      objectReference: {fileID: 0}
    - target: {fileID: 7358705296987579973, guid: d5129817e8fafb144ab6198272ca435c,
        type: 3}
      propertyPath: m_LocalRotation.y
      value: 0
      objectReference: {fileID: 0}
    - target: {fileID: 7358705296987579973, guid: d5129817e8fafb144ab6198272ca435c,
        type: 3}
      propertyPath: m_LocalRotation.z
      value: 0
      objectReference: {fileID: 0}
    - target: {fileID: 7358705296987579973, guid: d5129817e8fafb144ab6198272ca435c,
        type: 3}
      propertyPath: m_LocalRotation.w
      value: 1
      objectReference: {fileID: 0}
    - target: {fileID: 7358705296987579973, guid: d5129817e8fafb144ab6198272ca435c,
        type: 3}
      propertyPath: m_RootOrder
      value: 4
      objectReference: {fileID: 0}
    - target: {fileID: 7358705296987579973, guid: d5129817e8fafb144ab6198272ca435c,
        type: 3}
      propertyPath: m_LocalEulerAnglesHint.x
      value: 0
      objectReference: {fileID: 0}
    - target: {fileID: 7358705296987579973, guid: d5129817e8fafb144ab6198272ca435c,
        type: 3}
      propertyPath: m_LocalEulerAnglesHint.y
      value: 0
      objectReference: {fileID: 0}
    - target: {fileID: 7358705296987579973, guid: d5129817e8fafb144ab6198272ca435c,
        type: 3}
      propertyPath: m_LocalEulerAnglesHint.z
      value: 0
      objectReference: {fileID: 0}
    - target: {fileID: 7358705296987748965, guid: d5129817e8fafb144ab6198272ca435c,
        type: 3}
      propertyPath: m_Name
      value: CoinPrefab (1)
      objectReference: {fileID: 0}
    m_RemovedComponents: []
  m_SourcePrefab: {fileID: 100100000, guid: d5129817e8fafb144ab6198272ca435c, type: 3}
--- !u!4 &14399373356443344 stripped
Transform:
  m_CorrespondingSourceObject: {fileID: 7358705296987579973, guid: d5129817e8fafb144ab6198272ca435c,
    type: 3}
  m_PrefabInstance: {fileID: 7362390734782906517}
  m_PrefabAsset: {fileID: 0}
--- !u!1001 &7362390734926495341
PrefabInstance:
  m_ObjectHideFlags: 0
  serializedVersion: 2
  m_Modification:
    m_TransformParent: {fileID: 7362390734896124946}
    m_Modifications:
    - target: {fileID: 7358705296987579973, guid: d5129817e8fafb144ab6198272ca435c,
        type: 3}
      propertyPath: m_LocalPosition.x
      value: -1.15
      objectReference: {fileID: 0}
    - target: {fileID: 7358705296987579973, guid: d5129817e8fafb144ab6198272ca435c,
        type: 3}
      propertyPath: m_LocalPosition.y
      value: 0.62
      objectReference: {fileID: 0}
    - target: {fileID: 7358705296987579973, guid: d5129817e8fafb144ab6198272ca435c,
        type: 3}
      propertyPath: m_LocalPosition.z
      value: -0.25
      objectReference: {fileID: 0}
    - target: {fileID: 7358705296987579973, guid: d5129817e8fafb144ab6198272ca435c,
        type: 3}
      propertyPath: m_LocalRotation.x
      value: 0
      objectReference: {fileID: 0}
    - target: {fileID: 7358705296987579973, guid: d5129817e8fafb144ab6198272ca435c,
        type: 3}
      propertyPath: m_LocalRotation.y
      value: 0
      objectReference: {fileID: 0}
    - target: {fileID: 7358705296987579973, guid: d5129817e8fafb144ab6198272ca435c,
        type: 3}
      propertyPath: m_LocalRotation.z
      value: 0
      objectReference: {fileID: 0}
    - target: {fileID: 7358705296987579973, guid: d5129817e8fafb144ab6198272ca435c,
        type: 3}
      propertyPath: m_LocalRotation.w
      value: 1
      objectReference: {fileID: 0}
    - target: {fileID: 7358705296987579973, guid: d5129817e8fafb144ab6198272ca435c,
        type: 3}
      propertyPath: m_RootOrder
      value: 7
      objectReference: {fileID: 0}
    - target: {fileID: 7358705296987579973, guid: d5129817e8fafb144ab6198272ca435c,
        type: 3}
      propertyPath: m_LocalEulerAnglesHint.x
      value: 0
      objectReference: {fileID: 0}
    - target: {fileID: 7358705296987579973, guid: d5129817e8fafb144ab6198272ca435c,
        type: 3}
      propertyPath: m_LocalEulerAnglesHint.y
      value: 0
      objectReference: {fileID: 0}
    - target: {fileID: 7358705296987579973, guid: d5129817e8fafb144ab6198272ca435c,
        type: 3}
      propertyPath: m_LocalEulerAnglesHint.z
      value: 0
      objectReference: {fileID: 0}
    - target: {fileID: 7358705296987748965, guid: d5129817e8fafb144ab6198272ca435c,
        type: 3}
      propertyPath: m_Name
      value: CoinPrefab (4)
      objectReference: {fileID: 0}
    m_RemovedComponents: []
  m_SourcePrefab: {fileID: 100100000, guid: d5129817e8fafb144ab6198272ca435c, type: 3}
--- !u!4 &14399373480908840 stripped
Transform:
  m_CorrespondingSourceObject: {fileID: 7358705296987579973, guid: d5129817e8fafb144ab6198272ca435c,
    type: 3}
  m_PrefabInstance: {fileID: 7362390734926495341}
  m_PrefabAsset: {fileID: 0}
--- !u!1001 &7362390735064901211
PrefabInstance:
  m_ObjectHideFlags: 0
  serializedVersion: 2
  m_Modification:
    m_TransformParent: {fileID: 7362390734896124946}
    m_Modifications:
    - target: {fileID: 7358705296987579973, guid: d5129817e8fafb144ab6198272ca435c,
        type: 3}
      propertyPath: m_LocalPosition.x
      value: 0
      objectReference: {fileID: 0}
    - target: {fileID: 7358705296987579973, guid: d5129817e8fafb144ab6198272ca435c,
        type: 3}
      propertyPath: m_LocalPosition.y
      value: 0.62
      objectReference: {fileID: 0}
    - target: {fileID: 7358705296987579973, guid: d5129817e8fafb144ab6198272ca435c,
        type: 3}
      propertyPath: m_LocalPosition.z
      value: 0.75
      objectReference: {fileID: 0}
    - target: {fileID: 7358705296987579973, guid: d5129817e8fafb144ab6198272ca435c,
        type: 3}
      propertyPath: m_LocalRotation.x
      value: 0
      objectReference: {fileID: 0}
    - target: {fileID: 7358705296987579973, guid: d5129817e8fafb144ab6198272ca435c,
        type: 3}
      propertyPath: m_LocalRotation.y
      value: 0
      objectReference: {fileID: 0}
    - target: {fileID: 7358705296987579973, guid: d5129817e8fafb144ab6198272ca435c,
        type: 3}
      propertyPath: m_LocalRotation.z
      value: 0
      objectReference: {fileID: 0}
    - target: {fileID: 7358705296987579973, guid: d5129817e8fafb144ab6198272ca435c,
        type: 3}
      propertyPath: m_LocalRotation.w
      value: 1
      objectReference: {fileID: 0}
    - target: {fileID: 7358705296987579973, guid: d5129817e8fafb144ab6198272ca435c,
        type: 3}
      propertyPath: m_RootOrder
      value: 8
      objectReference: {fileID: 0}
    - target: {fileID: 7358705296987579973, guid: d5129817e8fafb144ab6198272ca435c,
        type: 3}
      propertyPath: m_LocalEulerAnglesHint.x
      value: 0
      objectReference: {fileID: 0}
    - target: {fileID: 7358705296987579973, guid: d5129817e8fafb144ab6198272ca435c,
        type: 3}
      propertyPath: m_LocalEulerAnglesHint.y
      value: 0
      objectReference: {fileID: 0}
    - target: {fileID: 7358705296987579973, guid: d5129817e8fafb144ab6198272ca435c,
        type: 3}
      propertyPath: m_LocalEulerAnglesHint.z
      value: 0
      objectReference: {fileID: 0}
    - target: {fileID: 7358705296987748965, guid: d5129817e8fafb144ab6198272ca435c,
        type: 3}
      propertyPath: m_Name
      value: CoinPrefab (5)
      objectReference: {fileID: 0}
    m_RemovedComponents: []
  m_SourcePrefab: {fileID: 100100000, guid: d5129817e8fafb144ab6198272ca435c, type: 3}
--- !u!4 &14399373602537502 stripped
Transform:
  m_CorrespondingSourceObject: {fileID: 7358705296987579973, guid: d5129817e8fafb144ab6198272ca435c,
    type: 3}
  m_PrefabInstance: {fileID: 7362390735064901211}
  m_PrefabAsset: {fileID: 0}
--- !u!1001 &7362390735102925989
PrefabInstance:
  m_ObjectHideFlags: 0
  serializedVersion: 2
  m_Modification:
    m_TransformParent: {fileID: 7362390734896124946}
    m_Modifications:
    - target: {fileID: 7358705296987579973, guid: d5129817e8fafb144ab6198272ca435c,
        type: 3}
      propertyPath: m_LocalPosition.x
      value: -1.15
      objectReference: {fileID: 0}
    - target: {fileID: 7358705296987579973, guid: d5129817e8fafb144ab6198272ca435c,
        type: 3}
      propertyPath: m_LocalPosition.y
      value: 0.62
      objectReference: {fileID: 0}
    - target: {fileID: 7358705296987579973, guid: d5129817e8fafb144ab6198272ca435c,
        type: 3}
      propertyPath: m_LocalPosition.z
      value: -1.25
      objectReference: {fileID: 0}
    - target: {fileID: 7358705296987579973, guid: d5129817e8fafb144ab6198272ca435c,
        type: 3}
      propertyPath: m_LocalRotation.x
      value: 0
      objectReference: {fileID: 0}
    - target: {fileID: 7358705296987579973, guid: d5129817e8fafb144ab6198272ca435c,
        type: 3}
      propertyPath: m_LocalRotation.y
      value: 0
      objectReference: {fileID: 0}
    - target: {fileID: 7358705296987579973, guid: d5129817e8fafb144ab6198272ca435c,
        type: 3}
      propertyPath: m_LocalRotation.z
      value: 0
      objectReference: {fileID: 0}
    - target: {fileID: 7358705296987579973, guid: d5129817e8fafb144ab6198272ca435c,
        type: 3}
      propertyPath: m_LocalRotation.w
      value: 1
      objectReference: {fileID: 0}
    - target: {fileID: 7358705296987579973, guid: d5129817e8fafb144ab6198272ca435c,
        type: 3}
      propertyPath: m_RootOrder
      value: 6
      objectReference: {fileID: 0}
    - target: {fileID: 7358705296987579973, guid: d5129817e8fafb144ab6198272ca435c,
        type: 3}
      propertyPath: m_LocalEulerAnglesHint.x
      value: 0
      objectReference: {fileID: 0}
    - target: {fileID: 7358705296987579973, guid: d5129817e8fafb144ab6198272ca435c,
        type: 3}
      propertyPath: m_LocalEulerAnglesHint.y
      value: 0
      objectReference: {fileID: 0}
    - target: {fileID: 7358705296987579973, guid: d5129817e8fafb144ab6198272ca435c,
        type: 3}
      propertyPath: m_LocalEulerAnglesHint.z
      value: 0
      objectReference: {fileID: 0}
    - target: {fileID: 7358705296987748965, guid: d5129817e8fafb144ab6198272ca435c,
        type: 3}
      propertyPath: m_Name
      value: CoinPrefab (3)
      objectReference: {fileID: 0}
    m_RemovedComponents: []
  m_SourcePrefab: {fileID: 100100000, guid: d5129817e8fafb144ab6198272ca435c, type: 3}
--- !u!4 &14399373640547040 stripped
Transform:
  m_CorrespondingSourceObject: {fileID: 7358705296987579973, guid: d5129817e8fafb144ab6198272ca435c,
    type: 3}
  m_PrefabInstance: {fileID: 7362390735102925989}
  m_PrefabAsset: {fileID: 0}
--- !u!1001 &7362390735352473175
PrefabInstance:
  m_ObjectHideFlags: 0
  serializedVersion: 2
  m_Modification:
    m_TransformParent: {fileID: 7362390734896124946}
    m_Modifications:
    - target: {fileID: 7358705296987579973, guid: d5129817e8fafb144ab6198272ca435c,
        type: 3}
      propertyPath: m_LocalPosition.x
      value: -1.15
      objectReference: {fileID: 0}
    - target: {fileID: 7358705296987579973, guid: d5129817e8fafb144ab6198272ca435c,
        type: 3}
      propertyPath: m_LocalPosition.y
      value: 0.62
      objectReference: {fileID: 0}
    - target: {fileID: 7358705296987579973, guid: d5129817e8fafb144ab6198272ca435c,
        type: 3}
      propertyPath: m_LocalPosition.z
      value: 2.75
      objectReference: {fileID: 0}
    - target: {fileID: 7358705296987579973, guid: d5129817e8fafb144ab6198272ca435c,
        type: 3}
      propertyPath: m_LocalRotation.x
      value: 0
      objectReference: {fileID: 0}
    - target: {fileID: 7358705296987579973, guid: d5129817e8fafb144ab6198272ca435c,
        type: 3}
      propertyPath: m_LocalRotation.y
      value: 0
      objectReference: {fileID: 0}
    - target: {fileID: 7358705296987579973, guid: d5129817e8fafb144ab6198272ca435c,
        type: 3}
      propertyPath: m_LocalRotation.z
      value: 0
      objectReference: {fileID: 0}
    - target: {fileID: 7358705296987579973, guid: d5129817e8fafb144ab6198272ca435c,
        type: 3}
      propertyPath: m_LocalRotation.w
      value: 1
      objectReference: {fileID: 0}
    - target: {fileID: 7358705296987579973, guid: d5129817e8fafb144ab6198272ca435c,
        type: 3}
      propertyPath: m_RootOrder
      value: 10
      objectReference: {fileID: 0}
    - target: {fileID: 7358705296987579973, guid: d5129817e8fafb144ab6198272ca435c,
        type: 3}
      propertyPath: m_LocalEulerAnglesHint.x
      value: 0
      objectReference: {fileID: 0}
    - target: {fileID: 7358705296987579973, guid: d5129817e8fafb144ab6198272ca435c,
        type: 3}
      propertyPath: m_LocalEulerAnglesHint.y
      value: 0
      objectReference: {fileID: 0}
    - target: {fileID: 7358705296987579973, guid: d5129817e8fafb144ab6198272ca435c,
        type: 3}
      propertyPath: m_LocalEulerAnglesHint.z
      value: 0
      objectReference: {fileID: 0}
    - target: {fileID: 7358705296987748965, guid: d5129817e8fafb144ab6198272ca435c,
        type: 3}
      propertyPath: m_Name
      value: CoinPrefab (7)
      objectReference: {fileID: 0}
    m_RemovedComponents: []
  m_SourcePrefab: {fileID: 100100000, guid: d5129817e8fafb144ab6198272ca435c, type: 3}
--- !u!4 &14399373927858194 stripped
Transform:
  m_CorrespondingSourceObject: {fileID: 7358705296987579973, guid: d5129817e8fafb144ab6198272ca435c,
    type: 3}
  m_PrefabInstance: {fileID: 7362390735352473175}
  m_PrefabAsset: {fileID: 0}
--- !u!1001 &7362390735610710464
PrefabInstance:
  m_ObjectHideFlags: 0
  serializedVersion: 2
  m_Modification:
    m_TransformParent: {fileID: 7362390734896124946}
    m_Modifications:
    - target: {fileID: 4132776172244954216, guid: e1787a72650cf584ab35dc80c4a152d8,
        type: 3}
      propertyPath: m_LocalPosition.x
      value: 1.15
      objectReference: {fileID: 0}
    - target: {fileID: 4132776172244954216, guid: e1787a72650cf584ab35dc80c4a152d8,
        type: 3}
      propertyPath: m_LocalPosition.y
      value: 0
      objectReference: {fileID: 0}
    - target: {fileID: 4132776172244954216, guid: e1787a72650cf584ab35dc80c4a152d8,
        type: 3}
      propertyPath: m_LocalPosition.z
      value: -1
      objectReference: {fileID: 0}
    - target: {fileID: 4132776172244954216, guid: e1787a72650cf584ab35dc80c4a152d8,
        type: 3}
      propertyPath: m_LocalRotation.x
      value: -0
      objectReference: {fileID: 0}
    - target: {fileID: 4132776172244954216, guid: e1787a72650cf584ab35dc80c4a152d8,
        type: 3}
      propertyPath: m_LocalRotation.y
      value: 1
      objectReference: {fileID: 0}
    - target: {fileID: 4132776172244954216, guid: e1787a72650cf584ab35dc80c4a152d8,
        type: 3}
      propertyPath: m_LocalRotation.z
      value: -0
      objectReference: {fileID: 0}
    - target: {fileID: 4132776172244954216, guid: e1787a72650cf584ab35dc80c4a152d8,
        type: 3}
      propertyPath: m_LocalRotation.w
      value: 0
      objectReference: {fileID: 0}
    - target: {fileID: 4132776172244954216, guid: e1787a72650cf584ab35dc80c4a152d8,
        type: 3}
      propertyPath: m_RootOrder
      value: 2
      objectReference: {fileID: 0}
    - target: {fileID: 4132776172244954216, guid: e1787a72650cf584ab35dc80c4a152d8,
        type: 3}
      propertyPath: m_LocalEulerAnglesHint.x
      value: 0
      objectReference: {fileID: 0}
    - target: {fileID: 4132776172244954216, guid: e1787a72650cf584ab35dc80c4a152d8,
        type: 3}
      propertyPath: m_LocalEulerAnglesHint.y
      value: 180
      objectReference: {fileID: 0}
    - target: {fileID: 4132776172244954216, guid: e1787a72650cf584ab35dc80c4a152d8,
        type: 3}
      propertyPath: m_LocalEulerAnglesHint.z
      value: 0
      objectReference: {fileID: 0}
    - target: {fileID: 4132776172244963400, guid: e1787a72650cf584ab35dc80c4a152d8,
        type: 3}
      propertyPath: m_Name
      value: Obstacle (2)
      objectReference: {fileID: 0}
    m_RemovedComponents: []
  m_SourcePrefab: {fileID: 100100000, guid: e1787a72650cf584ab35dc80c4a152d8, type: 3}
--- !u!4 &6878937636496467368 stripped
Transform:
  m_CorrespondingSourceObject: {fileID: 4132776172244954216, guid: e1787a72650cf584ab35dc80c4a152d8,
    type: 3}
  m_PrefabInstance: {fileID: 7362390735610710464}
  m_PrefabAsset: {fileID: 0}
--- !u!1001 &7362390735660009066
PrefabInstance:
  m_ObjectHideFlags: 0
  serializedVersion: 2
  m_Modification:
    m_TransformParent: {fileID: 7362390734896124946}
    m_Modifications:
    - target: {fileID: 7358705296987579973, guid: d5129817e8fafb144ab6198272ca435c,
        type: 3}
      propertyPath: m_LocalPosition.x
      value: 0
      objectReference: {fileID: 0}
    - target: {fileID: 7358705296987579973, guid: d5129817e8fafb144ab6198272ca435c,
        type: 3}
      propertyPath: m_LocalPosition.y
      value: 0.62
      objectReference: {fileID: 0}
    - target: {fileID: 7358705296987579973, guid: d5129817e8fafb144ab6198272ca435c,
        type: 3}
      propertyPath: m_LocalPosition.z
      value: -4.25
      objectReference: {fileID: 0}
    - target: {fileID: 7358705296987579973, guid: d5129817e8fafb144ab6198272ca435c,
        type: 3}
      propertyPath: m_LocalRotation.x
      value: 0
      objectReference: {fileID: 0}
    - target: {fileID: 7358705296987579973, guid: d5129817e8fafb144ab6198272ca435c,
        type: 3}
      propertyPath: m_LocalRotation.y
      value: 0
      objectReference: {fileID: 0}
    - target: {fileID: 7358705296987579973, guid: d5129817e8fafb144ab6198272ca435c,
        type: 3}
      propertyPath: m_LocalRotation.z
      value: 0
      objectReference: {fileID: 0}
    - target: {fileID: 7358705296987579973, guid: d5129817e8fafb144ab6198272ca435c,
        type: 3}
      propertyPath: m_LocalRotation.w
      value: 1
      objectReference: {fileID: 0}
    - target: {fileID: 7358705296987579973, guid: d5129817e8fafb144ab6198272ca435c,
        type: 3}
      propertyPath: m_RootOrder
      value: 3
      objectReference: {fileID: 0}
    - target: {fileID: 7358705296987579973, guid: d5129817e8fafb144ab6198272ca435c,
        type: 3}
      propertyPath: m_LocalEulerAnglesHint.x
      value: 0
      objectReference: {fileID: 0}
    - target: {fileID: 7358705296987579973, guid: d5129817e8fafb144ab6198272ca435c,
        type: 3}
      propertyPath: m_LocalEulerAnglesHint.y
      value: 0
      objectReference: {fileID: 0}
    - target: {fileID: 7358705296987579973, guid: d5129817e8fafb144ab6198272ca435c,
        type: 3}
      propertyPath: m_LocalEulerAnglesHint.z
      value: 0
      objectReference: {fileID: 0}
    - target: {fileID: 7358705296987748965, guid: d5129817e8fafb144ab6198272ca435c,
        type: 3}
      propertyPath: m_Name
      value: CoinPrefab
      objectReference: {fileID: 0}
    m_RemovedComponents: []
  m_SourcePrefab: {fileID: 100100000, guid: d5129817e8fafb144ab6198272ca435c, type: 3}
--- !u!4 &14399372068298799 stripped
Transform:
  m_CorrespondingSourceObject: {fileID: 7358705296987579973, guid: d5129817e8fafb144ab6198272ca435c,
    type: 3}
  m_PrefabInstance: {fileID: 7362390735660009066}
  m_PrefabAsset: {fileID: 0}
--- !u!1001 &7362390736059484064
PrefabInstance:
  m_ObjectHideFlags: 0
  serializedVersion: 2
  m_Modification:
    m_TransformParent: {fileID: 7362390734896124946}
    m_Modifications:
    - target: {fileID: 7358705296987579973, guid: d5129817e8fafb144ab6198272ca435c,
        type: 3}
      propertyPath: m_LocalPosition.x
      value: 0
      objectReference: {fileID: 0}
    - target: {fileID: 7358705296987579973, guid: d5129817e8fafb144ab6198272ca435c,
        type: 3}
      propertyPath: m_LocalPosition.y
      value: 0.62
      objectReference: {fileID: 0}
    - target: {fileID: 7358705296987579973, guid: d5129817e8fafb144ab6198272ca435c,
        type: 3}
      propertyPath: m_LocalPosition.z
      value: 3.75
      objectReference: {fileID: 0}
    - target: {fileID: 7358705296987579973, guid: d5129817e8fafb144ab6198272ca435c,
        type: 3}
      propertyPath: m_LocalRotation.x
      value: 0
      objectReference: {fileID: 0}
    - target: {fileID: 7358705296987579973, guid: d5129817e8fafb144ab6198272ca435c,
        type: 3}
      propertyPath: m_LocalRotation.y
      value: 0
      objectReference: {fileID: 0}
    - target: {fileID: 7358705296987579973, guid: d5129817e8fafb144ab6198272ca435c,
        type: 3}
      propertyPath: m_LocalRotation.z
      value: 0
      objectReference: {fileID: 0}
    - target: {fileID: 7358705296987579973, guid: d5129817e8fafb144ab6198272ca435c,
        type: 3}
      propertyPath: m_LocalRotation.w
      value: 1
      objectReference: {fileID: 0}
    - target: {fileID: 7358705296987579973, guid: d5129817e8fafb144ab6198272ca435c,
        type: 3}
      propertyPath: m_RootOrder
      value: 11
      objectReference: {fileID: 0}
    - target: {fileID: 7358705296987579973, guid: d5129817e8fafb144ab6198272ca435c,
        type: 3}
      propertyPath: m_LocalEulerAnglesHint.x
      value: 0
      objectReference: {fileID: 0}
    - target: {fileID: 7358705296987579973, guid: d5129817e8fafb144ab6198272ca435c,
        type: 3}
      propertyPath: m_LocalEulerAnglesHint.y
      value: 0
      objectReference: {fileID: 0}
    - target: {fileID: 7358705296987579973, guid: d5129817e8fafb144ab6198272ca435c,
        type: 3}
      propertyPath: m_LocalEulerAnglesHint.z
      value: 0
      objectReference: {fileID: 0}
    - target: {fileID: 7358705296987748965, guid: d5129817e8fafb144ab6198272ca435c,
        type: 3}
      propertyPath: m_Name
      value: CoinPrefab (8)
      objectReference: {fileID: 0}
    m_RemovedComponents: []
  m_SourcePrefab: {fileID: 100100000, guid: d5129817e8fafb144ab6198272ca435c, type: 3}
--- !u!4 &14399372482126309 stripped
Transform:
  m_CorrespondingSourceObject: {fileID: 7358705296987579973, guid: d5129817e8fafb144ab6198272ca435c,
    type: 3}
  m_PrefabInstance: {fileID: 7362390736059484064}
  m_PrefabAsset: {fileID: 0}
